% Encoding: UTF-8

@Misc{bookexample,
 title = {Фамилия И.О. Название книги. — Город издательства: <<Издательство>>, Год. — Количество страниц.}
}

@Misc{book1author,
 title = {C# 10 и .NET 6. Современная кросс-платформенная разработка / Марк Дж. Прайс, <<Питер>>, 2023. — 1019 с.}
}

@Misc{book5author,
  title = {Кулинарная книга по разработке игр Unity: основы для каждой игры / Пэрис Батфилд-Эддисон, Джон Мэннинг, Тим Ньюджент, <<O'Reilly Media>>, 2018. 408 с.}
}

@Misc{wikiRUUnity,
 title = {Unity [Электронный ресурс] Википедия — свободная энцциклопедия. Режим доступа: \href{https://ru.wikipedia.org/wiki/Unity}{https://ru.wikipedia.org/wiki/Unity}.},
 urldate = {2024-03-08}
}

@Misc{wikiRUCrossplatform,
 title = {Cross-platform [Электронный ресурс] Википедия — свободная энцциклопедия. Режим доступа: \href{https://ru.wikipedia.org/wiki/Кроссплатформенность}{https://ru.wikipedia.org/wiki/Кроссплатформенность}.},
 urldate = {2024-03-08}
}

@Misc{wikiRUBomberman,
 title = {Bomberman [Электронный ресурс] Википедия — свободная энцциклопедия. Режим доступа: \href{https://ru.wikipedia.org/wiki/Bomberman_(игра,_1983)}{https://ru.wikipedia.org/wiki/Bomberman_(игра,_1983)}.},
 urldate = {2024-02-15}
}

@Comment{jabref-meta: databaseType:biblatex;}
